<record><leader>00000cas a22000007a 4500</leader><controlfield tag="001">12704504</controlfield><controlfield tag="008">851022d18871900pauwr ne      0    0eng d</controlfield><datafield ind1=" " ind2=" " tag="010"><subfield code="a">sn 85055245 </subfield></datafield><datafield ind1=" " ind2=" " tag="040"><subfield code="a">NPH</subfield><subfield code="b">eng</subfield><subfield code="c">NPH</subfield><subfield code="d">OCLCQ</subfield></datafield><datafield ind1=" " ind2=" " tag="042"><subfield code="a">msc</subfield></datafield><datafield ind1="0" ind2="0" tag="245"><subfield code="a">Taggarts' times.</subfield></datafield><datafield ind1=" " ind2=" " tag="260"><subfield code="a">Philadelphia [Pa.] :</subfield><subfield code="b">Taggart,</subfield><subfield code="c">1887-1900.</subfield></datafield><datafield ind1=" " ind2=" " tag="300"><subfield code="a">12 v. :</subfield><subfield code="b">ill. ;</subfield><subfield code="c">60 cm.</subfield></datafield><datafield ind1=" " ind2=" " tag="310"><subfield code="a">Weekly</subfield></datafield><datafield ind1="0" ind2=" " tag="362"><subfield code="a">25th year, no. 2 (Nov. 27, 1887)-37th yr., no. 32 (June 10, 1900).</subfield></datafield><datafield ind1=" " ind2=" " tag="752"><subfield code="a">United States</subfield><subfield code="b">Pennsylvania</subfield><subfield code="c">Philadelphia</subfield><subfield code="d">Philadelphia.</subfield></datafield><datafield ind1="0" ind2="0" tag="780"><subfield code="t">Taggarts' Sunday times (Philadelphia, Pa : 1884)</subfield><subfield code="w">(OCoLC)12704333</subfield></datafield><datafield ind1="0" ind2="0" tag="785"><subfield code="t">Taggarts' Sunday times (Philadelphia, Pa : 1900)</subfield><subfield code="w">(OCoLC)12704534</subfield></datafield></record>